@article{Alcubierre:1999ab,
      author         = "Alcubierre, Miguel and Brandt, Steven and Bruegmann,
                        Bernd and Holz, Daniel and Seidel, Edward and others",
      title          = "{Symmetry without symmetry: Numerical simulation of
                        axisymmetric systems using Cartesian grids}",
      journal        = "Int.J.Mod.Phys.",
      volume         = "D10",
      pages          = "273-290",
      doi            = "10.1142/S0218271801000834",
      year           = "2001",
      eprint         = "gr-qc/9908012",
      archivePrefix  = "arXiv",
      primaryClass   = "gr-qc",
      reportNumber   = "AEI-1999-14",
      SLACcitation   = "%%CITATION = GR-QC/9908012;%%",
}

@article{Battye:2008mm,
      author         = "Battye, Richard A. and Sutcliffe, Paul M.",
      title          = "{Vorton construction and dynamics}",
      journal        = "Nucl.Phys.",
      volume         = "B814",
      pages          = "180-194",
      doi            = "10.1016/j.nuclphysb.2009.01.021",
      year           = "2009",
      eprint         = "0812.3239",
      archivePrefix  = "arXiv",
      primaryClass   = "hep-th",
      reportNumber   = "DCPT-08-69",
      SLACcitation   = "%%CITATION = ARXIV:0812.3239;%%",
}